<?xml version="1.0" encoding="utf-8"?>
<record xmlns="http://www.loc.gov/MARC21/slim" xmlns:xsi="http://www.w3.org/2001/XMLSchema-instance" xsi:schemaLocation="http://www.loc.gov/MARC21/slim http://www.loc.gov/standards/marcxml/schema/MARC21slim.xsd">
	<leader>     nam a22        4500</leader>
	<controlfield tag="001">4715658</controlfield>
	<controlfield tag="003">NIC</controlfield>
	<controlfield tag="006">m        d        </controlfield>
	<controlfield tag="007">cr cn |||m|||a</controlfield>
	<controlfield tag="008">160323r196u1889iq      ob    001 0 arar </controlfield>
	<datafield ind1=" " ind2=" " tag="040">
		<subfield code="a">NNU</subfield>
		<subfield code="b">eng</subfield>
		<subfield code="e">rda</subfield>
		<subfield code="c">NNU</subfield>
	</datafield>
	<datafield ind1="0" ind2=" " tag="041">
		<subfield code="a">ara</subfield>
		<subfield code="a">fre</subfield>
		<subfield code="a">lat</subfield>
	</datafield>
	<datafield ind1="0" ind2="0" tag="050">
		<subfield code="a">G93</subfield>
		<subfield code="b">.I33 1960z</subfield>
	</datafield>
	<datafield ind1="1" ind2=" " tag="100">
		<subfield code="6">880-01</subfield>
		<subfield code="a">Ibn Khurradādhbih, ʻUbayd Allāh ibn ʻAbd Allāh,</subfield>
		<subfield code="d">approximately 820-approximately 912.</subfield>
	</datafield>
	<datafield ind1="1" ind2="0" tag="240">
		<subfield code="6">880-02</subfield>
		<subfield code="a">Masālik wa-al-mamālik </subfield>
	</datafield>
	<datafield ind1="1" ind2="3" tag="245">
		<subfield code="6">880-03</subfield>
		<subfield code="a">al-Masālik wa-al-mamālik /</subfield>
		<subfield code="c">li-Abī al-Qāsim ʻUbayd Allāh al-maʻruf bi-Ibn Khurradādhbih ; wa-yalīhu nubadh min Kitāb al-kharāj wa-ṣanʻat al-kitābah, li-Abī al-Faraj Qudāmah ibn Jaʻfar al-Kātib al-Baghdādī.</subfield>
	</datafield>
	<datafield ind1="3" ind2="0" tag="246">
		<subfield code="6">880-04</subfield>
		<subfield code="a">Kharāj wa-ṣanʻat al-kitābah</subfield>
	</datafield>
	<datafield ind1="1" ind2="5" tag="246">
		<subfield code="a">Kitâb al-masâlik wa'l-mamâlik (Liber viarum et regnorum)</subfield>
	</datafield>
	<datafield ind1="3" ind2="0" tag="246">
		<subfield code="a">Liber viarum et regnorum</subfield>
	</datafield>
	<datafield ind1=" " ind2=" " tag="260">
		<subfield code="6">880-05</subfield>
		<subfield code="a">Baghdād :</subfield>
		<subfield code="b">Maktabat al-Muthanná,</subfield>
		<subfield code="c">[196-?]</subfield>
	</datafield>
	<datafield ind1=" " ind2=" " tag="300">
		<subfield code="a">online resource (308, 8, xxiii pages)</subfield>
	</datafield>
	<datafield ind1=" " ind2=" " tag="336">
		<subfield code="a">text</subfield>
		<subfield code="2">rdacontent</subfield>
	</datafield>
	<datafield ind1=" " ind2=" " tag="337">
		<subfield code="a">computer</subfield>
		<subfield code="2">rdamedia</subfield>
	</datafield>
	<datafield ind1=" " ind2=" " tag="338">
		<subfield code="a">online resource</subfield>
		<subfield code="2">rdacarrier</subfield>
	</datafield>
	<datafield ind1="1" ind2=" " tag="490">
		<subfield code="a">Bibliotheca geographorum Arabicorum ;</subfield>
		<subfield code="v">6</subfield>
	</datafield>
	<datafield ind1=" " ind2=" " tag="500">
		<subfield code="a">Added t.p.: Kitâb al-masâlik wa'l-mamâlik (Liber viarum et regnorum) / auctore Abu'l-Kâsim Obaidallah ibn Abdallah ibn Khordâdhbeh. Et exerpta e Kitâb al-kharâdj / auctore Kodâma ibn Dja'far ; quae com versione Gallica edidit, idicibus et glossario instruxit M.J. de Goeje.</subfield>
	</datafield>
	<datafield ind1=" " ind2=" " tag="500">
		<subfield code="a">Reprint of the 1889 ed.</subfield>
	</datafield>
	<datafield ind1=" " ind2=" " tag="500">
		<subfield code="a">Part of the Arabic Collections Online (ACO) project, contributed by Cornell University Libraries.</subfield>
	</datafield>
	<datafield ind1=" " ind2=" " tag="504">
		<subfield code="a">Includes bibliographical references and index.</subfield>
	</datafield>
	<datafield ind1=" " ind2=" " tag="533">
		<subfield code="a">Electronic reproduction.</subfield>
		<subfield code="b">New York, N.Y. :</subfield>
		<subfield code="c">New York University,</subfield>
		<subfield code="d">2016.</subfield>
		<subfield code="5">NNU</subfield>
	</datafield>
	<datafield ind1=" " ind2=" " tag="546">
		<subfield code="a">Preface in French; commentary in Latin.</subfield>
	</datafield>
	<datafield ind1=" " ind2="0" tag="650">
		<subfield code="a">Geography, Arab.</subfield>
	</datafield>
	<datafield ind1=" " ind2="7" tag="650">
		<subfield code="a">Geography, Arab.</subfield>
		<subfield code="2">fast</subfield>
		<subfield code="0">(OCoLC)fst00940571</subfield>
	</datafield>
	<datafield ind1="1" ind2=" " tag="700">
		<subfield code="a">Goeje, M. J. de</subfield>
		<subfield code="q">(Michael Jan),</subfield>
		<subfield code="d">1836-1909.</subfield>
	</datafield>
	<datafield ind1="0" ind2="2" tag="700">
		<subfield code="6">880-06</subfield>
		<subfield code="a">Qudāmah ibn Jaʻfar,</subfield>
		<subfield code="d">-922?</subfield>
		<subfield code="t">Kitāb al-kharāj.</subfield>
		<subfield code="k">Selections.</subfield>
	</datafield>
	<datafield ind1="2" ind2=" " tag="710">
		<subfield code="a">Cornell University.</subfield>
		<subfield code="b">Libraries.</subfield>
	</datafield>
	<datafield ind1="0" ind2=" " tag="730">
		<subfield code="a">Arabic Collections Online.</subfield>
	</datafield>
	<datafield ind1="0" ind2="2" tag="740">
		<subfield code="6">880-07</subfield>
		<subfield code="a">Nubadh min Kitāb al-kharāj wa-ṣanʻat al-kitābah.</subfield>
	</datafield>
	<datafield ind1="0" ind2="8" tag="776">
		<subfield code="i">Print version:</subfield>
		<subfield code="a">Ibn Khurradādhbih, ʻUbayd Allāh ibn ʻAbd Allāh, approximately 820-approximately 912.</subfield>
		<subfield code="t">al-Masālik wa-al-mamālik</subfield>
		<subfield code="w">(NIC)4715658</subfield>
		<subfield code="w">(DLC) 76961256 </subfield>
		<subfield code="w">(OCoLC)30329575</subfield>
	</datafield>
	<datafield ind1=" " ind2="0" tag="830">
		<subfield code="a">Bibliotheca geographorum Arabicorum ;</subfield>
		<subfield code="v">6.</subfield>
	</datafield>
	<datafield ind1="4" ind2="0" tag="856">
		<subfield code="u">http://hdl.handle.net/2333.1/hmgqnpkm</subfield>
	</datafield>
	<datafield ind1="1" ind2=" " tag="880">
		<subfield code="6">100-01</subfield>
		<subfield code="a">ابن خرداذبه، عبيد الله بن عبد الله،</subfield>
		<subfield code="d">approximately 820-approximately 912.</subfield>
	</datafield>
	<datafield ind1="1" ind2="0" tag="880">
		<subfield code="6">240-02</subfield>
		<subfield code="a">مسالك والممالك</subfield>
	</datafield>
	<datafield ind1="1" ind2="2" tag="880">
		<subfield code="6">245-03</subfield>
		<subfield code="a">المسالك والممالك /</subfield>
		<subfield code="c">لأبي القاسم عبيد الله بن عبد الله المعروف بابن خرداذبة. ويليه نبذة من كتاب الخراج وصنعة الكتابة / لأبي الفرج قدامة بن جعفر الكاتب البغدادي.</subfield>
	</datafield>
	<datafield ind1="3" ind2="0" tag="880">
		<subfield code="6">246-04</subfield>
		<subfield code="a">خراج وصنعة الكتابة</subfield>
	</datafield>
	<datafield ind1=" " ind2=" " tag="880">
		<subfield code="6">260-05</subfield>
		<subfield code="a">بغداد :</subfield>
		<subfield code="b">مكتبة المثنى،</subfield>
		<subfield code="c">[196-?]</subfield>
	</datafield>
	<datafield ind1="0" ind2="2" tag="880">
		<subfield code="6">700-06</subfield>
		<subfield code="a">قدامة بن جعفر،</subfield>
		<subfield code="d">-922?</subfield>
		<subfield code="t">كتاب الخراج.</subfield>
	</datafield>
	<datafield ind1="0" ind2="2" tag="880">
		<subfield code="6">740-07</subfield>
		<subfield code="a">نبذة من كتاب الخراج وصنعة الكتابة.</subfield>
	</datafield>
	<datafield ind1=" " ind2=" " tag="959">
		<subfield code="a">NNU</subfield>
		<subfield code="b">WEB</subfield>
		<subfield code="c">GENI</subfield>
		<subfield code="t">0</subfield>
		<subfield code="m">Electronic access</subfield>
		<subfield code="s">01</subfield>
	</datafield>
	<datafield ind1=" " ind2=" " tag="999">
		<subfield code="i">NIC_4715658</subfield>
		<subfield code="o">(OCoLC)ocm30329575</subfield>
		<subfield code="s">cornell_aco000555</subfield>
		<subfield code="e">(ERROR-880)</subfield>
		<subfield code="s">cornell_aco000555</subfield>
	</datafield>
</record>
